<marc:record>
        <marc:leader>02338cam a2200481 a 4500</marc:leader>
        <marc:controlfield tag="001">107624</marc:controlfield>
        <marc:controlfield tag="005">20141120100529.0</marc:controlfield>
        <marc:controlfield tag="008">861029s1789    enk           00000 eng d</marc:controlfield>
        <marc:datafield ind1=" " ind2=" " tag="035">
            <marc:subfield code="a">(OCoLC)ocm17379404</marc:subfield></marc:datafield>
        <marc:datafield ind1=" " ind2=" " tag="035">
            <marc:subfield code="a">(OCoLC)17379404</marc:subfield>
        </marc:datafield>
        <marc:datafield ind1=" " ind2=" " tag="035">
            <marc:subfield code="a">(CStRLIN)PAUG86-B46403</marc:subfield>
        </marc:datafield>
        <marc:datafield ind1=" " ind2=" " tag="035">
            <marc:subfield code="a">(CaOTULAS)146819884</marc:subfield>
        </marc:datafield>
        <marc:datafield ind1=" " ind2=" " tag="035">
            <marc:subfield code="9">AAQ2643</marc:subfield>
        </marc:datafield>
        <marc:datafield ind1=" " ind2=" " tag="035">
            <marc:subfield code="a">107624</marc:subfield>
        </marc:datafield>
        <marc:datafield ind1=" " ind2=" " tag="035">
            <marc:subfield code="a">(PennHoldings)131033</marc:subfield>
        </marc:datafield>
        <marc:datafield ind1=" " ind2=" " tag="040">
            <marc:subfield code="a">PU</marc:subfield>
            <marc:subfield code="c">PU</marc:subfield>
        </marc:datafield>
        <marc:datafield ind1=" " ind2=" " tag="090">
            <marc:subfield code="a">PR3991.A1</marc:subfield>
            <marc:subfield code="b">T75 1789</marc:subfield>
            <marc:subfield code="i">10/30/86 CT</marc:subfield>
        </marc:datafield>
        <marc:datafield ind1="0" ind2="4" tag="245">
            <marc:subfield code="a">The Triumphs of fortitude :</marc:subfield>
            <marc:subfield code="b">a novel, in a series of letters : in two volumes.</marc:subfield>
        </marc:datafield>
        <marc:datafield ind1=" " ind2=" " tag="246">
            <marc:subfield code="a">The triumphs of fortitude: a novel. In a series of letters. In two volumes. Vol. I.</marc:subfield>
            <marc:subfield code="d">Letter-press</marc:subfield>
            <marc:subfield code="g">Full</marc:subfield>
            <marc:subfield code="v">v.1</marc:subfield>
            <marc:subfield code="x">Volume</marc:subfield>
        </marc:datafield>
        <marc:datafield ind1=" " ind2=" " tag="246">
            <marc:subfield code="a">The triumphs of fortitude: a novel. In a series of letters. In two volumes. Vol. II.</marc:subfield>
            <marc:subfield code="d">Letter-press</marc:subfield>
            <marc:subfield code="g">Full</marc:subfield>
            <marc:subfield code="v">v.2</marc:subfield>
            <marc:subfield code="x">Volume</marc:subfield>
        </marc:datafield>
        <marc:datafield ind1="0" ind2="7" tag="246">
            <marc:subfield code="a">The triumphs of fortitude.</marc:subfield>
            <marc:subfield code="v">v.1</marc:subfield>
            <marc:subfield code="v">v.2</marc:subfield>
        </marc:datafield>
        <marc:datafield ind1="0" ind2="7" tag="246">
            <marc:subfield code="a">The triumphs (verso)</marc:subfield>
            <marc:subfield code="a">of fortitude. (verso)</marc:subfield>
            <marc:subfield code="v">v.1</marc:subfield>
            <marc:subfield code="v">v.2</marc:subfield>
        </marc:datafield>
        <marc:datafield ind1="0" ind2=" " tag="260">
            <marc:subfield code="a">London</marc:subfield>
            <marc:subfield code="b">Printed for William Richardson, Royal Exchange.</marc:subfield>
            <marc:subfield code="c">1789</marc:subfield>
            <marc:subfield code="c">MDCCLXXXIX.</marc:subfield>
            <marc:subfield code="v">v.1</marc:subfield>
            <marc:subfield code="v">v.2</marc:subfield>
        </marc:datafield>
        <marc:datafield ind1=" " ind2=" " tag="300">
            <marc:subfield code="a">2 v. ;</marc:subfield>
            <marc:subfield code="c">18 cm. (12mo)</marc:subfield>
            <marc:subfield code="x">Duodecimo</marc:subfield>
            <marc:subfield code="z">In two volumes.</marc:subfield>
            <marc:subfield code="a">[2 v.]</marc:subfield>
        </marc:datafield>
        <marc:datafield ind1=" " ind2=" " tag="500">
            <marc:subfield code="a">University of Pennsylvania bookplate on front paste down endpaper</marc:subfield>
        </marc:datafield>
        <marc:datafield ind1=" " ind2=" " tag="500">
            <marc:subfield code="a">Library marginalia on front paste down endpaper, first page of text, and back free endpaper</marc:subfield>
        </marc:datafield>
        <marc:datafield ind1="4" ind2=" " tag="510">
            <marc:subfield code="a">ESTC (RLIN)</marc:subfield>
            <marc:subfield code="c">N48329</marc:subfield>
        </marc:datafield>
        <marc:datafield ind1="4" ind2=" " tag="510">
            <marc:subfield code="a">English novel, 1770-1829,</marc:subfield>
            <marc:subfield code="c">1789:27</marc:subfield>
        </marc:datafield>
        <marc:datafield ind1="4" ind2=" " tag="510">
            <marc:subfield code="a">Black, F.G. Epistolary novel</marc:subfield>
            <marc:subfield code="c">318</marc:subfield>
        </marc:datafield>
        <marc:datafield ind1=" " ind2=" " tag="520">
            <marc:subfield code="a">Footnotes</marc:subfield>
            <marc:subfield code="c">Middle</marc:subfield>
            <marc:subfield code="v">v.2</marc:subfield>
            <marc:subfield code="x">On pp. 135, 144, 147, 212, and 218.</marc:subfield>
        </marc:datafield>
        <marc:datafield ind1=" " ind2=" " tag="590">
            <marc:subfield code="a">Bound in one vol.</marc:subfield>
        </marc:datafield>
        <marc:datafield ind1=" " ind2=" " tag="592">
            <marc:subfield code="a">Epistolary</marc:subfield>
        </marc:datafield>
        <marc:datafield ind1=" " ind2=" " tag="595">
            <marc:subfield code="a">Pencil</marc:subfield>
            <marc:subfield code="b">Words</marc:subfield>
            <marc:subfield code="v">v.1</marc:subfield>
            <marc:subfield code="x">On title page. &quot;&quot;Anon&quot;</marc:subfield>
        </marc:datafield>
        <marc:datafield ind1=" " ind2=" " tag="595">
            <marc:subfield code="a">Pencil</marc:subfield>
            <marc:subfield code="b">Editorial markings</marc:subfield>
            <marc:subfield code="v">v.1</marc:subfield>
            <marc:subfield code="v">v.2</marc:subfield>
            <marc:subfield code="x">Reader corrected grammar and spelling in the text on p. 233, v.1; and pp. 168 and 236, v.2.</marc:subfield>
        </marc:datafield>
        <marc:datafield ind1=" " ind2="7" tag="655">
            <marc:subfield code="a">Epistolary fiction</marc:subfield>
            <marc:subfield code="z">England</marc:subfield>
            <marc:subfield code="y">18th century.</marc:subfield>
            <marc:subfield code="2">rbgenr</marc:subfield>
        </marc:datafield>
        <marc:datafield ind1=" " ind2="4" tag="650">
            <marc:subfield code="a">CHR 1789</marc:subfield>
        </marc:datafield>
        <marc:datafield ind1=" " ind2=" " tag="700">
            <marc:subfield code="a">Richardon, William</marc:subfield>
            <marc:subfield code="d">1740-1820</marc:subfield>
            <marc:subfield code="4">Printed for</marc:subfield>
            <marc:subfield code="5">Authorized</marc:subfield>
        </marc:datafield>
        <marc:datafield ind1="2" ind2=" " tag="710">
            <marc:subfield code="a">Collection of British and American Fiction, 1660-1830 (University of Pennsylvania)</marc:subfield>
            <marc:subfield code="5">PU</marc:subfield>
        </marc:datafield>
        <marc:datafield ind1="2" ind2=" " tag="710">
            <marc:subfield code="a">Early Novels</marc:subfield>
            <marc:subfield code="5">University of Pennsylvania</marc:subfield>
        </marc:datafield>
        <marc:datafield ind1=" " ind2=" " tag="950">
            <marc:subfield code="l">RBC</marc:subfield>
            <marc:subfield code="e">\\\\Singer-\\Menden-\\hall\\</marc:subfield>
            <marc:subfield code="v">2 v.</marc:subfield>
            <marc:subfield code="i">10/30/86 C</marc:subfield>
        </marc:datafield>
        <marc:datafield ind1=" " ind2=" " tag="955">
            <marc:subfield code="l">RBC</marc:subfield>
            <marc:subfield code="c">1:(v.1-2)</marc:subfield>
            <marc:subfield code="q">726574</marc:subfield>
            <marc:subfield code="s">Singer Mem.</marc:subfield>
            <marc:subfield code="s">bd. in 1</marc:subfield>
            <marc:subfield code="i">10/30/86 C</marc:subfield>
        </marc:datafield>
        <marc:datafield ind1=" " ind2=" " tag="989">
            <marc:subfield code="2">Triumph</marc:subfield>
            <marc:subfield code="2">Fortitude</marc:subfield>
            <marc:subfield code="2">Novel</marc:subfield>
            <marc:subfield code="2">Series</marc:subfield>
            <marc:subfield code="7">Letter</marc:subfield>
            <marc:subfield code="3">Two</marc:subfield>
            <marc:subfield code="2">Volume</marc:subfield>
        </marc:datafield>
        <marc:datafield ind1=" " ind2=" " tag="999">
            <marc:subfield code="a">BTA</marc:subfield>
            <marc:subfield code="b">8/5/16</marc:subfield>
            <marc:subfield code="c">University of Pennsylvania</marc:subfield>
            <marc:subfield code="c">YDS</marc:subfield>
        </marc:datafield>
    </marc:record>
